<?xml version="1.0" encoding="UTF-8"?>
<collection xmlns="http://www.loc.gov/MARC21/slim">
  <record>
    <leader>00000nam  2200024ua 4500</leader>
    <controlfield tag="008">150615|||||||||xx ||||j |||| 00| 1|engou</controlfield>
    <datafield tag="020" ind1=" " ind2=" ">
      <subfield code="a">0747532745</subfield>
    </datafield>
    <datafield tag="041" ind1=" " ind2=" ">
      <subfield code="a">eng</subfield>
    </datafield>
    <datafield tag="100" ind1="1" ind2=" ">
      <subfield code="a">Rowling, J.K.</subfield>
    </datafield>
    <datafield tag="190" ind1=" " ind2=" ">
      <subfield code="a">Harry Potter :</subfield>
      <subfield code="v">1</subfield>
    </datafield>
    <datafield tag="245" ind1=" " ind2="0">
      <subfield code="a">Harry Potter and the Philosopher's Stone /</subfield>
      <subfield code="c">J.K. Rowling</subfield>
    </datafield>
    <datafield tag="250" ind1=" " ind2=" ">
      <subfield code="a">1st ed.</subfield>
    </datafield>
    <datafield tag="260" ind1=" " ind2="2">
      <subfield code="a">London, UK :</subfield>
      <subfield code="b">Bloomsbury Publishing,</subfield>
      <subfield code="c">1997</subfield>
    </datafield>
    <datafield tag="300" ind1=" " ind2="0">
      <subfield code="a">223 p.</subfield>
    </datafield>
    <datafield tag="520" ind1=" " ind2=" ">
      <subfield code="a">Harry Potter thinks he is an ordinary boy until he is rescued by a beetle-eyed giant of a man, enrols at Hogwarts school of Witchcraft and Wizardry, learns to play Quidditch and does battle in a deadly duel. The reason: HARRY POTTER IS A WIZARD!</subfield>
    </datafield>
    <datafield tag="541" ind1=" " ind2=" ">
      <subfield code="e">2015:000001</subfield>
    </datafield>
  </record>