
  <record>
    <leader>00000nam  2200024ua 4500</leader>
    <controlfield tag="008">150615|||||||||xx ||||j |||| 00| 1|engou</controlfield>
    <datafield tag="020" ind1=" " ind2=" ">
      <subfield code="a">155192515X</subfield>
    </datafield>
    <datafield tag="041" ind1=" " ind2=" ">
      <subfield code="a">eng</subfield>
    </datafield>
    <datafield tag="100" ind1="1" ind2=" ">
      <subfield code="a">Rowling, J.K.</subfield>
    </datafield>
    <datafield tag="190" ind1=" " ind2=" ">
      <subfield code="a">Harry Potter :</subfield>
      <subfield code="v">4</subfield>
    </datafield>
    <datafield tag="245" ind1=" " ind2="0">
      <subfield code="a">Harry Potter and the Goblet of Fire /</subfield>
      <subfield code="c">J.K. Rowling</subfield>
    </datafield>
    <datafield tag="260" ind1=" " ind2="2">
      <subfield code="a">London, UK :</subfield>
      <subfield code="b">Bloomsbury Publishing,</subfield>
      <subfield code="c">2000</subfield>
    </datafield>
    <datafield tag="541" ind1=" " ind2=" ">
      <subfield code="e">2015:000004</subfield>
    </datafield>
  </record>