
  <record>
    <leader>00000nam  2200024ua 4500</leader>
    <controlfield tag="008">150615|||||||||xx ||||g |||| 00| 0|engou</controlfield>
    <datafield tag="020" ind1=" " ind2=" ">
      <subfield code="b">9781550549638</subfield>
    </datafield>
    <datafield tag="041" ind1=" " ind2=" ">
      <subfield code="a">eng</subfield>
    </datafield>
    <datafield tag="100" ind1="1" ind2=" ">
      <subfield code="a">Suzuki, David</subfield>
    </datafield>
    <datafield tag="245" ind1=" " ind2="4">
      <subfield code="a">The Sacred Balance /</subfield>
      <subfield code="c">David Suzuki</subfield>
    </datafield>
    <datafield tag="260" ind1=" " ind2="2">
      <subfield code="a">Vancouver, Canada :</subfield>
      <subfield code="b">Greystone Books,</subfield>
      <subfield code="c">1997</subfield>
    </datafield>
    <datafield tag="541" ind1=" " ind2=" ">
      <subfield code="e">2015:000008</subfield>
    </datafield>
  </record>