
  <record>
    <leader>00000nam  2200024ua 4500</leader>
    <controlfield tag="008">150615|||||||||xx ||||g |||| 00| ||freou</controlfield>
    <datafield tag="020" ind1=" " ind2=" ">
      <subfield code="b">9782070612758</subfield>
    </datafield>
    <datafield tag="041" ind1=" " ind2=" ">
      <subfield code="a">fre</subfield>
    </datafield>
    <datafield tag="100" ind1="1" ind2=" ">
      <subfield code="a">de Saint-Exupery, Antoine</subfield>
    </datafield>
    <datafield tag="245" ind1=" " ind2="3">
      <subfield code="a">Le petit prince /</subfield>
      <subfield code="c">Antoine de Saint-Exupery</subfield>
    </datafield>
    <datafield tag="260" ind1=" " ind2="2">
      <subfield code="a">Paris, France :</subfield>
      <subfield code="b">Gallimard,</subfield>
      <subfield code="c">2007</subfield>
    </datafield>
    <datafield tag="541" ind1=" " ind2=" ">
      <subfield code="e">2015:000009</subfield>
    </datafield>
  </record>