
  <record>
    <leader>00000nam  2200024ua 4500</leader>
    <controlfield tag="008">150615|||||||||xx ||||g |||| 00| m|engou</controlfield>
    <datafield tag="020" ind1=" " ind2=" ">
      <subfield code="a">0517454777</subfield>
    </datafield>
    <datafield tag="041" ind1=" " ind2=" ">
      <subfield code="a">eng</subfield>
    </datafield>
    <datafield tag="100" ind1="1" ind2=" ">
      <subfield code="a">Doyle, Arthur Conan</subfield>
      <subfield code="c">Sir</subfield>
      <subfield code="d">1859-1930</subfield>
    </datafield>
    <datafield tag="245" ind1=" " ind2="4">
      <subfield code="a">The Illustrated Sherlock Holmes Treasury /</subfield>
      <subfield code="c">Sir Arthur Conan Doyle</subfield>
    </datafield>
    <datafield tag="250" ind1=" " ind2=" ">
      <subfield code="a">Unabridged ed.</subfield>
    </datafield>
    <datafield tag="260" ind1=" " ind2="2">
      <subfield code="a">New York, USA :</subfield>
      <subfield code="b">Avenel Books,</subfield>
      <subfield code="c">1984</subfield>
    </datafield>
    <datafield tag="505" ind1="0" ind2=" ">
      <subfield code="a">Adventures -- Memoirs -- Return -- Hound of the Baskervilles -- Study in Scarlet -- Sign of the Four -- Wisteria Lodge -- Adventure of the Bruce-Partington Plans</subfield>
    </datafield>
    <datafield tag="541" ind1=" " ind2=" ">
      <subfield code="e">2015:000010</subfield>
    </datafield>
    <datafield tag="650" ind1=" " ind2=" ">
      <subfield code="a">Holmes, Sherlock</subfield>
      <subfield code="v">Fiction</subfield>
    </datafield>
    <datafield tag="650" ind1=" " ind2=" ">
      <subfield code="a">Detective and mystery stories, English</subfield>
    </datafield>
    <datafield tag="650" ind1=" " ind2=" ">
      <subfield code="a">Private investigators</subfield>
      <subfield code="z">England</subfield>
      <subfield code="v">Fiction</subfield>
    </datafield>
    <datafield tag="700" ind1="0" ind2=" ">
      <subfield code="a">Paget, Sidney</subfield>
      <subfield code="d">1860-1908</subfield>
    </datafield>
  </record>