
  <record>
    <leader>00000nam  2200024ua 4500</leader>
    <controlfield tag="008">150615|||||||||xx ||||g |||| 00| ||engou</controlfield>
    <datafield tag="020" ind1=" " ind2=" ">
      <subfield code="a">0002008645</subfield>
    </datafield>
    <datafield tag="041" ind1=" " ind2=" ">
      <subfield code="a">eng</subfield>
    </datafield>
    <datafield tag="100" ind1="1" ind2=" ">
      <subfield code="a">Weisman, Alan</subfield>
    </datafield>
    <datafield tag="245" ind1=" " ind2="4">
      <subfield code="a">The World Without Us /</subfield>
      <subfield code="c">Alan Weisman</subfield>
    </datafield>
    <datafield tag="250" ind1=" " ind2=" ">
      <subfield code="a">1st Canadian ed.</subfield>
    </datafield>
    <datafield tag="260" ind1=" " ind2="2">
      <subfield code="a">Toronto, Canada :</subfield>
      <subfield code="b">HarperCollins,</subfield>
      <subfield code="c">2007</subfield>
    </datafield>
    <datafield tag="541" ind1=" " ind2=" ">
      <subfield code="e">2015:000011</subfield>
    </datafield>
    <datafield tag="650" ind1=" " ind2=" ">
      <subfield code="a">Nature</subfield>
      <subfield code="x">Effect of human beings on</subfield>
      <subfield code="x">Forecasting</subfield>
    </datafield>
    <datafield tag="650" ind1=" " ind2=" ">
      <subfield code="a">Ecology</subfield>
      <subfield code="x">Forecasting</subfield>
    </datafield>
    <datafield tag="650" ind1=" " ind2=" ">
      <subfield code="a">Environmental degradation</subfield>
    </datafield>
  </record>