
  <record>
    <leader>00000nam  2200024ua 4500</leader>
    <controlfield tag="008">150615|||||||||xx b|||g |||| 001 1 engou</controlfield>
    <datafield tag="020" ind1=" " ind2=" ">
      <subfield code="a">0007149247</subfield>
    </datafield>
    <datafield tag="041" ind1=" " ind2=" ">
      <subfield code="a">eng</subfield>
    </datafield>
    <datafield tag="100" ind1="1" ind2=" ">
      <subfield code="a">Tolkien, J.R.R.</subfield>
      <subfield code="q">(John Ronald Reuel)</subfield>
      <subfield code="d">1892-1973</subfield>
    </datafield>
    <datafield tag="245" ind1=" " ind2="4">
      <subfield code="a">The Lord of the Rings /</subfield>
      <subfield code="c">J.R.R. Tolkien</subfield>
    </datafield>
    <datafield tag="260" ind1=" " ind2="2">
      <subfield code="a">London, UK :</subfield>
      <subfield code="b">HarperCollins,</subfield>
      <subfield code="c">1995</subfield>
    </datafield>
    <datafield tag="300" ind1=" " ind2=" ">
      <subfield code="a">1112 p.:</subfield>
      <subfield code="b">maps</subfield>
    </datafield>
    <datafield tag="500" ind1=" " ind2=" ">
      <subfield code="a">Includes Appendices and index.</subfield>
    </datafield>
    <datafield tag="505" ind1="0" ind2=" ">
      <subfield code="a">The Fellowship of the Ring -- The Two Towers -- The Return of the King -- Appendices</subfield>
    </datafield>
    <datafield tag="541" ind1=" " ind2=" ">
      <subfield code="e">2015:000012</subfield>
    </datafield>
  </record>
</collection>
